	%%% Madgraph
@article{Alwall:2014hca,
      author         = "Alwall, J. and Frederix, R. and Frixione, S. and Hirschi,
                        V. and Maltoni, F. and others",
      title          = "{The automated computation of tree-level and
                        next-to-leading order differential cross sections, and
                        their matching to parton shower simulations}",
      journal        = "JHEP",
      volume         = "1407",
      pages          = "079",
      doi            = "10.1007/JHEP07(2014)079",
      year           = "2014",
      eprint         = "1405.0301",
      archivePrefix  = "arXiv",
      primaryClass   = "hep-ph",
      reportNumber   = "CERN-PH-TH-2014-064, CP3-14-18, LPN14-066, MCNET-14-09,
                        ZU-TH-14-14",
      SLACcitation   = "%%CITATION = ARXIV:1405.0301;%%",
}

	%%% Pythia
@article{Sjostrand:2014zea,
      author         = "Sjöstrand, Torbjörn and Ask, Stefan and Christiansen,
                        Jesper R. and Corke, Richard and Desai, Nishita and
                        others",
      title          = "{An Introduction to PYTHIA 8.2}",
      journal        = "Comput.Phys.Commun.",
      volume         = "191",
      pages          = "159-177",
      doi            = "10.1016/j.cpc.2015.01.024",
      year           = "2015",
      eprint         = "1410.3012",
      archivePrefix  = "arXiv",
      primaryClass   = "hep-ph",
      reportNumber   = "LU-TP-14-36, MCNET-14-22, CERN-PH-TH-2014-190,
                        FERMILAB-PUB-14-316-CD, DESY-14-178, SLAC-PUB-16122",
      SLACcitation   = "%%CITATION = ARXIV:1410.3012;%%",
}

@Article{Sjostrand:2006za,
 author        = "Torbjorn Sjostrand and Stephen Mrenna and Peter Skands",
 title         = "PYTHIA 6.4 Physics and Manual",
 journal       = "JHEP",
 volume        = "05",
 pages         = "026",
 year          = "2006",
 eprint        = "hep-ph/0603175",
 archivePrefix = "arXiv",
}

	%%% Delphes

@article{deFavereau:2013fsa,
      author         = "de Favereau, J. and others",
      title          = "{DELPHES 3, A modular framework for fast simulation of a
                        generic collider experiment}",
      collaboration  = "DELPHES 3",
      journal        = "JHEP",
      volume         = "1402",
      pages          = "057",
      doi            = "10.1007/JHEP02(2014)057",
      year           = "2014",
      eprint         = "1307.6346",
      archivePrefix  = "arXiv",
      primaryClass   = "hep-ex",
      SLACcitation   = "%%CITATION = ARXIV:1307.6346;%%",
}

@article{Tange2011a,
title = {GNU Parallel - The Command-Line Power Tool},
author = {O. Tange},
address = {Frederiksberg, Denmark},
journal = {;login: The USENIX Magazine},
month = {Feb},
number = {1},
volume = {36},
url = {http://www.gnu.org/s/parallel},
year = {2011},
pages = {42-47}
}

